<record><leader>00000cas a22000007a 4500</leader><controlfield tag="001">12793545</controlfield><controlfield tag="008">851114d19771978njudn ne      0    0eng d</controlfield><datafield ind1=" " ind2=" " tag="010"><subfield code="a">sn 85036115 </subfield></datafield><datafield ind1=" " ind2=" " tag="040"><subfield code="a">NPA</subfield><subfield code="b">eng</subfield><subfield code="c">NPA</subfield><subfield code="d">NJW</subfield><subfield code="d">OCLCQ</subfield></datafield><datafield ind1=" " ind2=" " tag="042"><subfield code="a">msc</subfield></datafield><datafield ind1="0" ind2=" " tag="130"><subfield code="a">Daily observer (Toms River, N.J. : 1977)</subfield></datafield><datafield ind1="1" ind2="0" tag="245"><subfield code="a">Daily observer.</subfield></datafield><datafield ind1="3" ind2="0" tag="246"><subfield code="a">Sunday observer</subfield></datafield><datafield ind1=" " ind2=" " tag="260"><subfield code="a">Toms River, N.J. :</subfield><subfield code="b">Seacoast Publications,</subfield><subfield code="c">1977-1978.</subfield></datafield><datafield ind1=" " ind2=" " tag="300"><subfield code="a">v. :</subfield><subfield code="b">ill. ;</subfield><subfield code="c">58 cm.</subfield></datafield><datafield ind1=" " ind2=" " tag="310"><subfield code="a">Daily (except Sat.)</subfield></datafield><datafield ind1="0" ind2=" " tag="362"><subfield code="a">Vol. 127, no. 218 (Sept. 13, 1977)-v. 128, no. 30 (Feb. 3, 1978).</subfield></datafield><datafield ind1=" " ind2=" " tag="500"><subfield code="a">Sunday edition called: Sunday observer.</subfield></datafield><datafield ind1=" " ind2=" " tag="530"><subfield code="a">Also issued on microfilm by Photographic Sciences Corp., Webster, N.Y.</subfield></datafield><datafield ind1=" " ind2=" " tag="752"><subfield code="a">United States</subfield><subfield code="b">New Jersey</subfield><subfield code="c">Ocean</subfield><subfield code="d">Toms River.</subfield></datafield><datafield ind1="0" ind2="0" tag="780"><subfield code="t">Daily observer and Sunday</subfield><subfield code="w">(DLC)sn 85036114</subfield><subfield code="w">(OCoLC)12793538</subfield></datafield><datafield ind1="0" ind2="0" tag="785"><subfield code="t">Ocean County daily observer and daily times</subfield><subfield code="w">(DLC)sn 85036083</subfield><subfield code="w">(OCoLC)12793548</subfield></datafield></record>